%YAML 1.1
%TAG !u! tag:unity3d.com,2011:
--- !u!1 &4043906644594832633
GameObject:
  m_ObjectHideFlags: 0
  m_CorrespondingSourceObject: {fileID: 0}
  m_PrefabInstance: {fileID: 0}
  m_PrefabAsset: {fileID: 0}
  serializedVersion: 6
  m_Component:
  - component: {fileID: 4043906644594832391}
  - component: {fileID: 4043906644594832390}
  - component: {fileID: 4913985473540906791}
  - component: {fileID: 6509760538318970106}
  m_Layer: 10
  m_Name: football
  m_TagString: Untagged
  m_Icon: {fileID: 0}
  m_NavMeshLayer: 0
  m_StaticEditorFlags: 4294967295
  m_IsActive: 1
--- !u!4 &4043906644594832391
Transform:
  m_ObjectHideFlags: 0
  m_CorrespondingSourceObject: {fileID: 0}
  m_PrefabInstance: {fileID: 0}
  m_PrefabAsset: {fileID: 0}
  m_GameObject: {fileID: 4043906644594832633}
  m_LocalRotation: {x: 0, y: 0, z: 0, w: 1}
  m_LocalPosition: {x: 0, y: 0, z: 0}
  m_LocalScale: {x: 1, y: 1, z: 1}
  m_Children:
  - {fileID: 4043906643418137597}
  - {fileID: 258195104279839266}
  m_Father: {fileID: 0}
  m_RootOrder: 0
  m_LocalEulerAnglesHint: {x: 0, y: 0, z: 0}
--- !u!212 &4043906644594832390
SpriteRenderer:
  m_ObjectHideFlags: 0
  m_CorrespondingSourceObject: {fileID: 0}
  m_PrefabInstance: {fileID: 0}
  m_PrefabAsset: {fileID: 0}
  m_GameObject: {fileID: 4043906644594832633}
  m_Enabled: 1
  m_CastShadows: 0
  m_ReceiveShadows: 0
  m_DynamicOccludee: 1
  m_MotionVectors: 1
  m_LightProbeUsage: 1
  m_ReflectionProbeUsage: 1
  m_RenderingLayerMask: 1
  m_RendererPriority: 0
  m_Materials:
  - {fileID: 10754, guid: 0000000000000000f000000000000000, type: 0}
  m_StaticBatchInfo:
    firstSubMesh: 0
    subMeshCount: 0
  m_StaticBatchRoot: {fileID: 0}
  m_ProbeAnchor: {fileID: 0}
  m_LightProbeVolumeOverride: {fileID: 0}
  m_ScaleInLightmap: 1
  m_PreserveUVs: 0
  m_IgnoreNormalsForChartDetection: 0
  m_ImportantGI: 0
  m_StitchLightmapSeams: 0
  m_SelectedEditorRenderState: 0
  m_MinimumChartSize: 4
  m_AutoUVMaxDistance: 0.5
  m_AutoUVMaxAngle: 89
  m_LightmapParameters: {fileID: 0}
  m_SortingLayerID: 0
  m_SortingLayer: 0
  m_SortingOrder: -1001
  m_Sprite: {fileID: 21300000, guid: 8bcc810f18be34c4189e1162a6607365, type: 3}
  m_Color: {r: 1, g: 1, b: 1, a: 1}
  m_FlipX: 0
  m_FlipY: 0
  m_DrawMode: 0
  m_Size: {x: 100, y: 36.666668}
  m_AdaptiveModeThreshold: 0.5
  m_SpriteTileMode: 0
  m_WasSpriteAssigned: 1
  m_MaskInteraction: 0
  m_SpriteSortPoint: 0
--- !u!114 &4913985473540906791
MonoBehaviour:
  m_ObjectHideFlags: 0
  m_CorrespondingSourceObject: {fileID: 0}
  m_PrefabInstance: {fileID: 0}
  m_PrefabAsset: {fileID: 0}
  m_GameObject: {fileID: 4043906644594832633}
  m_Enabled: 1
  m_EditorHideFlags: 0
  m_Script: {fileID: 11500000, guid: 3f7ba83f0c7614ce986ed260e299cc40, type: 3}
  m_Name: 
  m_EditorClassIdentifier: 
  botEnergyLimit: 10
--- !u!65 &6509760538318970106
BoxCollider:
  m_ObjectHideFlags: 0
  m_CorrespondingSourceObject: {fileID: 0}
  m_PrefabInstance: {fileID: 0}
  m_PrefabAsset: {fileID: 0}
  m_GameObject: {fileID: 4043906644594832633}
  m_Material: {fileID: 0}
  m_IsTrigger: 0
  m_Enabled: 1
  serializedVersion: 2
  m_Size: {x: 131.9534, y: 24.455101, z: 0.2}
  m_Center: {x: -0.95861816, y: 3.3544312, z: 0}
--- !u!1001 &258195103059109899
PrefabInstance:
  m_ObjectHideFlags: 0
  serializedVersion: 2
  m_Modification:
    m_TransformParent: {fileID: 4043906644594832391}
    m_Modifications:
    - target: {fileID: 4290695412564798452, guid: 162db497aee0645ee826f0c6d56bc073,
        type: 3}
      propertyPath: m_Name
      value: Grid id0 left
      objectReference: {fileID: 0}
    - target: {fileID: 4290695412564798452, guid: 162db497aee0645ee826f0c6d56bc073,
        type: 3}
      propertyPath: m_StaticEditorFlags
      value: 4294967295
      objectReference: {fileID: 0}
    - target: {fileID: 4290695412564798454, guid: 162db497aee0645ee826f0c6d56bc073,
        type: 3}
      propertyPath: m_LocalPosition.x
      value: -57.97
      objectReference: {fileID: 0}
    - target: {fileID: 4290695412564798454, guid: 162db497aee0645ee826f0c6d56bc073,
        type: 3}
      propertyPath: m_LocalPosition.y
      value: 6.7
      objectReference: {fileID: 0}
    - target: {fileID: 4290695412564798454, guid: 162db497aee0645ee826f0c6d56bc073,
        type: 3}
      propertyPath: m_LocalPosition.z
      value: 0
      objectReference: {fileID: 0}
    - target: {fileID: 4290695412564798454, guid: 162db497aee0645ee826f0c6d56bc073,
        type: 3}
      propertyPath: m_LocalRotation.x
      value: -0
      objectReference: {fileID: 0}
    - target: {fileID: 4290695412564798454, guid: 162db497aee0645ee826f0c6d56bc073,
        type: 3}
      propertyPath: m_LocalRotation.y
      value: -0
      objectReference: {fileID: 0}
    - target: {fileID: 4290695412564798454, guid: 162db497aee0645ee826f0c6d56bc073,
        type: 3}
      propertyPath: m_LocalRotation.z
      value: -0
      objectReference: {fileID: 0}
    - target: {fileID: 4290695412564798454, guid: 162db497aee0645ee826f0c6d56bc073,
        type: 3}
      propertyPath: m_LocalRotation.w
      value: 1
      objectReference: {fileID: 0}
    - target: {fileID: 4290695412564798454, guid: 162db497aee0645ee826f0c6d56bc073,
        type: 3}
      propertyPath: m_RootOrder
      value: 0
      objectReference: {fileID: 0}
    - target: {fileID: 4290695412564798454, guid: 162db497aee0645ee826f0c6d56bc073,
        type: 3}
      propertyPath: m_LocalEulerAnglesHint.x
      value: 0
      objectReference: {fileID: 0}
    - target: {fileID: 4290695412564798454, guid: 162db497aee0645ee826f0c6d56bc073,
        type: 3}
      propertyPath: m_LocalEulerAnglesHint.y
      value: 0
      objectReference: {fileID: 0}
    - target: {fileID: 4290695412564798454, guid: 162db497aee0645ee826f0c6d56bc073,
        type: 3}
      propertyPath: m_LocalEulerAnglesHint.z
      value: 0
      objectReference: {fileID: 0}
    - target: {fileID: 4290695412078892547, guid: 162db497aee0645ee826f0c6d56bc073,
        type: 3}
      propertyPath: m_StaticEditorFlags
      value: 4294967295
      objectReference: {fileID: 0}
    - target: {fileID: 4290695412078892572, guid: 162db497aee0645ee826f0c6d56bc073,
        type: 3}
      propertyPath: m_Tiles.Array.size
      value: 33
      objectReference: {fileID: 0}
    - target: {fileID: 4290695412078892572, guid: 162db497aee0645ee826f0c6d56bc073,
        type: 3}
      propertyPath: m_Tiles.Array.data[19].first.x
      value: -1
      objectReference: {fileID: 0}
    - target: {fileID: 4290695412078892572, guid: 162db497aee0645ee826f0c6d56bc073,
        type: 3}
      propertyPath: m_Tiles.Array.data[19].first.y
      value: -1
      objectReference: {fileID: 0}
    - target: {fileID: 4290695412078892572, guid: 162db497aee0645ee826f0c6d56bc073,
        type: 3}
      propertyPath: m_Tiles.Array.data[20].first.x
      value: 0
      objectReference: {fileID: 0}
    - target: {fileID: 4290695412078892572, guid: 162db497aee0645ee826f0c6d56bc073,
        type: 3}
      propertyPath: m_Tiles.Array.data[21].first.x
      value: 1
      objectReference: {fileID: 0}
    - target: {fileID: 4290695412078892572, guid: 162db497aee0645ee826f0c6d56bc073,
        type: 3}
      propertyPath: m_Tiles.Array.data[22].first.x
      value: 2
      objectReference: {fileID: 0}
    - target: {fileID: 4290695412078892572, guid: 162db497aee0645ee826f0c6d56bc073,
        type: 3}
      propertyPath: m_Tiles.Array.data[23].first.x
      value: 3
      objectReference: {fileID: 0}
    - target: {fileID: 4290695412078892572, guid: 162db497aee0645ee826f0c6d56bc073,
        type: 3}
      propertyPath: m_Tiles.Array.data[24].first.x
      value: -1
      objectReference: {fileID: 0}
    - target: {fileID: 4290695412078892572, guid: 162db497aee0645ee826f0c6d56bc073,
        type: 3}
      propertyPath: m_Tiles.Array.data[24].first.y
      value: 0
      objectReference: {fileID: 0}
    - target: {fileID: 4290695412078892572, guid: 162db497aee0645ee826f0c6d56bc073,
        type: 3}
      propertyPath: m_Tiles.Array.data[25].first.x
      value: 0
      objectReference: {fileID: 0}
    - target: {fileID: 4290695412078892572, guid: 162db497aee0645ee826f0c6d56bc073,
        type: 3}
      propertyPath: m_Tiles.Array.data[26].first.x
      value: 1
      objectReference: {fileID: 0}
    - target: {fileID: 4290695412078892572, guid: 162db497aee0645ee826f0c6d56bc073,
        type: 3}
      propertyPath: m_Tiles.Array.data[27].first.x
      value: 2
      objectReference: {fileID: 0}
    - target: {fileID: 4290695412078892572, guid: 162db497aee0645ee826f0c6d56bc073,
        type: 3}
      propertyPath: m_Tiles.Array.data[28].first.x
      value: 3
      objectReference: {fileID: 0}
    - target: {fileID: 4290695412078892572, guid: 162db497aee0645ee826f0c6d56bc073,
        type: 3}
      propertyPath: m_Tiles.Array.data[29].first.x
      value: 5
      objectReference: {fileID: 0}
    - target: {fileID: 4290695412078892572, guid: 162db497aee0645ee826f0c6d56bc073,
        type: 3}
      propertyPath: m_Tiles.Array.data[30].first.x
      value: 6
      objectReference: {fileID: 0}
    - target: {fileID: 4290695412078892572, guid: 162db497aee0645ee826f0c6d56bc073,
        type: 3}
      propertyPath: m_Tiles.Array.data[31].first.x
      value: 5
      objectReference: {fileID: 0}
    - target: {fileID: 4290695412078892572, guid: 162db497aee0645ee826f0c6d56bc073,
        type: 3}
      propertyPath: m_Tiles.Array.data[31].first.y
      value: 1
      objectReference: {fileID: 0}
    - target: {fileID: 4290695412078892572, guid: 162db497aee0645ee826f0c6d56bc073,
        type: 3}
      propertyPath: m_Tiles.Array.data[32].first.x
      value: 6
      objectReference: {fileID: 0}
    - target: {fileID: 4290695412078892572, guid: 162db497aee0645ee826f0c6d56bc073,
        type: 3}
      propertyPath: m_Tiles.Array.data[33].first.x
      value: 6
      objectReference: {fileID: 0}
    - target: {fileID: 4290695412078892572, guid: 162db497aee0645ee826f0c6d56bc073,
        type: 3}
      propertyPath: m_Tiles.Array.data[33].first.y
      value: 1
      objectReference: {fileID: 0}
    - target: {fileID: 4290695412078892572, guid: 162db497aee0645ee826f0c6d56bc073,
        type: 3}
      propertyPath: m_Tiles.Array.data[33].second.m_TileFlags
      value: 1
      objectReference: {fileID: 0}
    - target: {fileID: 4290695412078892572, guid: 162db497aee0645ee826f0c6d56bc073,
        type: 3}
      propertyPath: m_Tiles.Array.data[33].second.m_ColliderType
      value: 1
      objectReference: {fileID: 0}
    - target: {fileID: 4290695412078892572, guid: 162db497aee0645ee826f0c6d56bc073,
        type: 3}
      propertyPath: m_TileAssetArray.Array.data[0].m_RefCount
      value: 33
      objectReference: {fileID: 0}
    - target: {fileID: 4290695412078892572, guid: 162db497aee0645ee826f0c6d56bc073,
        type: 3}
      propertyPath: m_TileSpriteArray.Array.data[0].m_RefCount
      value: 33
      objectReference: {fileID: 0}
    - target: {fileID: 4290695412078892572, guid: 162db497aee0645ee826f0c6d56bc073,
        type: 3}
      propertyPath: m_TileMatrixArray.Array.data[0].m_RefCount
      value: 33
      objectReference: {fileID: 0}
    - target: {fileID: 4290695412078892572, guid: 162db497aee0645ee826f0c6d56bc073,
        type: 3}
      propertyPath: m_TileColorArray.Array.data[0].m_RefCount
      value: 33
      objectReference: {fileID: 0}
    - target: {fileID: 4290695412078892572, guid: 162db497aee0645ee826f0c6d56bc073,
        type: 3}
      propertyPath: m_Tiles.Array.data[20].first.y
      value: -1
      objectReference: {fileID: 0}
    - target: {fileID: 4290695412078892572, guid: 162db497aee0645ee826f0c6d56bc073,
        type: 3}
      propertyPath: m_Tiles.Array.data[25].first.y
      value: 0
      objectReference: {fileID: 0}
    - target: {fileID: 4290695412078892572, guid: 162db497aee0645ee826f0c6d56bc073,
        type: 3}
      propertyPath: m_Tiles.Array.data[32].first.y
      value: 1
      objectReference: {fileID: 0}
    - target: {fileID: 4290695412078892572, guid: 162db497aee0645ee826f0c6d56bc073,
        type: 3}
      propertyPath: m_Tiles.Array.data[34].first.x
      value: 6
      objectReference: {fileID: 0}
    - target: {fileID: 4290695412078892572, guid: 162db497aee0645ee826f0c6d56bc073,
        type: 3}
      propertyPath: m_Tiles.Array.data[34].first.y
      value: 1
      objectReference: {fileID: 0}
    - target: {fileID: 4290695412078892572, guid: 162db497aee0645ee826f0c6d56bc073,
        type: 3}
      propertyPath: m_Tiles.Array.data[34].second.m_TileFlags
      value: 1
      objectReference: {fileID: 0}
    - target: {fileID: 4290695412078892572, guid: 162db497aee0645ee826f0c6d56bc073,
        type: 3}
      propertyPath: m_Tiles.Array.data[34].second.m_ColliderType
      value: 1
      objectReference: {fileID: 0}
    - target: {fileID: 4290695412078892572, guid: 162db497aee0645ee826f0c6d56bc073,
        type: 3}
      propertyPath: m_Tiles.Array.data[21].first.y
      value: -1
      objectReference: {fileID: 0}
    - target: {fileID: 4290695412078892572, guid: 162db497aee0645ee826f0c6d56bc073,
        type: 3}
      propertyPath: m_Tiles.Array.data[26].first.y
      value: 0
      objectReference: {fileID: 0}
    - target: {fileID: 4290695412078892572, guid: 162db497aee0645ee826f0c6d56bc073,
        type: 3}
      propertyPath: m_Tiles.Array.data[35].first.x
      value: 6
      objectReference: {fileID: 0}
    - target: {fileID: 4290695412078892572, guid: 162db497aee0645ee826f0c6d56bc073,
        type: 3}
      propertyPath: m_Tiles.Array.data[35].first.y
      value: 1
      objectReference: {fileID: 0}
    - target: {fileID: 4290695412078892572, guid: 162db497aee0645ee826f0c6d56bc073,
        type: 3}
      propertyPath: m_Tiles.Array.data[35].second.m_TileFlags
      value: 1
      objectReference: {fileID: 0}
    - target: {fileID: 4290695412078892572, guid: 162db497aee0645ee826f0c6d56bc073,
        type: 3}
      propertyPath: m_Tiles.Array.data[35].second.m_ColliderType
      value: 1
      objectReference: {fileID: 0}
    - target: {fileID: 4290695412078892572, guid: 162db497aee0645ee826f0c6d56bc073,
        type: 3}
      propertyPath: m_Tiles.Array.data[22].first.y
      value: -1
      objectReference: {fileID: 0}
    - target: {fileID: 4290695412078892572, guid: 162db497aee0645ee826f0c6d56bc073,
        type: 3}
      propertyPath: m_Tiles.Array.data[27].first.y
      value: 0
      objectReference: {fileID: 0}
    - target: {fileID: 4290695412078892572, guid: 162db497aee0645ee826f0c6d56bc073,
        type: 3}
      propertyPath: m_Tiles.Array.data[36].first.x
      value: 6
      objectReference: {fileID: 0}
    - target: {fileID: 4290695412078892572, guid: 162db497aee0645ee826f0c6d56bc073,
        type: 3}
      propertyPath: m_Tiles.Array.data[36].first.y
      value: 1
      objectReference: {fileID: 0}
    - target: {fileID: 4290695412078892572, guid: 162db497aee0645ee826f0c6d56bc073,
        type: 3}
      propertyPath: m_Tiles.Array.data[36].second.m_TileFlags
      value: 1
      objectReference: {fileID: 0}
    - target: {fileID: 4290695412078892572, guid: 162db497aee0645ee826f0c6d56bc073,
        type: 3}
      propertyPath: m_Tiles.Array.data[36].second.m_ColliderType
      value: 1
      objectReference: {fileID: 0}
    - target: {fileID: 4290695412078892572, guid: 162db497aee0645ee826f0c6d56bc073,
        type: 3}
      propertyPath: m_Size.x
      value: 11
      objectReference: {fileID: 0}
    - target: {fileID: 4290695412078892572, guid: 162db497aee0645ee826f0c6d56bc073,
        type: 3}
      propertyPath: m_Tiles.Array.data[23].first.y
      value: -1
      objectReference: {fileID: 0}
    - target: {fileID: 4290695412078892572, guid: 162db497aee0645ee826f0c6d56bc073,
        type: 3}
      propertyPath: m_Tiles.Array.data[28].first.y
      value: 0
      objectReference: {fileID: 0}
    - target: {fileID: 4290695412078892572, guid: 162db497aee0645ee826f0c6d56bc073,
        type: 3}
      propertyPath: m_Tiles.Array.data[37].first.x
      value: 6
      objectReference: {fileID: 0}
    - target: {fileID: 4290695412078892572, guid: 162db497aee0645ee826f0c6d56bc073,
        type: 3}
      propertyPath: m_Tiles.Array.data[37].first.y
      value: 1
      objectReference: {fileID: 0}
    - target: {fileID: 4290695412078892572, guid: 162db497aee0645ee826f0c6d56bc073,
        type: 3}
      propertyPath: m_Tiles.Array.data[37].second.m_TileFlags
      value: 1
      objectReference: {fileID: 0}
    - target: {fileID: 4290695412078892572, guid: 162db497aee0645ee826f0c6d56bc073,
        type: 3}
      propertyPath: m_Tiles.Array.data[37].second.m_ColliderType
      value: 1
      objectReference: {fileID: 0}
    - target: {fileID: 4290695412078892572, guid: 162db497aee0645ee826f0c6d56bc073,
        type: 3}
      propertyPath: m_Tiles.Array.data[29].first.y
      value: 0
      objectReference: {fileID: 0}
    - target: {fileID: 4290695412078892572, guid: 162db497aee0645ee826f0c6d56bc073,
        type: 3}
      propertyPath: m_Tiles.Array.data[38].first.x
      value: 6
      objectReference: {fileID: 0}
    - target: {fileID: 4290695412078892572, guid: 162db497aee0645ee826f0c6d56bc073,
        type: 3}
      propertyPath: m_Tiles.Array.data[38].first.y
      value: 1
      objectReference: {fileID: 0}
    - target: {fileID: 4290695412078892572, guid: 162db497aee0645ee826f0c6d56bc073,
        type: 3}
      propertyPath: m_Tiles.Array.data[38].second.m_TileFlags
      value: 1
      objectReference: {fileID: 0}
    - target: {fileID: 4290695412078892572, guid: 162db497aee0645ee826f0c6d56bc073,
        type: 3}
      propertyPath: m_Tiles.Array.data[38].second.m_ColliderType
      value: 1
      objectReference: {fileID: 0}
    - target: {fileID: 4290695412078892572, guid: 162db497aee0645ee826f0c6d56bc073,
        type: 3}
      propertyPath: m_Tiles.Array.data[30].first.y
      value: 0
      objectReference: {fileID: 0}
    - target: {fileID: 4290695412078892572, guid: 162db497aee0645ee826f0c6d56bc073,
        type: 3}
      propertyPath: m_Tiles.Array.data[39].first.x
      value: 6
      objectReference: {fileID: 0}
    - target: {fileID: 4290695412078892572, guid: 162db497aee0645ee826f0c6d56bc073,
        type: 3}
      propertyPath: m_Tiles.Array.data[39].first.y
      value: 1
      objectReference: {fileID: 0}
    - target: {fileID: 4290695412078892572, guid: 162db497aee0645ee826f0c6d56bc073,
        type: 3}
      propertyPath: m_Tiles.Array.data[39].second.m_TileFlags
      value: 1
      objectReference: {fileID: 0}
    - target: {fileID: 4290695412078892572, guid: 162db497aee0645ee826f0c6d56bc073,
        type: 3}
      propertyPath: m_Tiles.Array.data[39].second.m_ColliderType
      value: 1
      objectReference: {fileID: 0}
    - target: {fileID: 4290695412078892572, guid: 162db497aee0645ee826f0c6d56bc073,
        type: 3}
      propertyPath: m_Tiles.Array.data[14].first.x
      value: -1
      objectReference: {fileID: 0}
    - target: {fileID: 4290695412078892572, guid: 162db497aee0645ee826f0c6d56bc073,
        type: 3}
      propertyPath: m_Tiles.Array.data[14].first.y
      value: -2
      objectReference: {fileID: 0}
    - target: {fileID: 4290695412078892572, guid: 162db497aee0645ee826f0c6d56bc073,
        type: 3}
      propertyPath: m_Tiles.Array.data[15].first.x
      value: 0
      objectReference: {fileID: 0}
    - target: {fileID: 4290695412078892572, guid: 162db497aee0645ee826f0c6d56bc073,
        type: 3}
      propertyPath: m_Tiles.Array.data[16].first.x
      value: 1
      objectReference: {fileID: 0}
    - target: {fileID: 4290695412078892572, guid: 162db497aee0645ee826f0c6d56bc073,
        type: 3}
      propertyPath: m_Tiles.Array.data[17].first.x
      value: 2
      objectReference: {fileID: 0}
    - target: {fileID: 4290695412078892572, guid: 162db497aee0645ee826f0c6d56bc073,
        type: 3}
      propertyPath: m_Tiles.Array.data[18].first.x
      value: 3
      objectReference: {fileID: 0}
    - target: {fileID: 4290695412078892572, guid: 162db497aee0645ee826f0c6d56bc073,
        type: 3}
      propertyPath: m_Tiles.Array.data[40].first.x
      value: 6
      objectReference: {fileID: 0}
    - target: {fileID: 4290695412078892572, guid: 162db497aee0645ee826f0c6d56bc073,
        type: 3}
      propertyPath: m_Tiles.Array.data[40].first.y
      value: 1
      objectReference: {fileID: 0}
    - target: {fileID: 4290695412078892572, guid: 162db497aee0645ee826f0c6d56bc073,
        type: 3}
      propertyPath: m_Tiles.Array.data[40].second.m_TileFlags
      value: 1
      objectReference: {fileID: 0}
    - target: {fileID: 4290695412078892572, guid: 162db497aee0645ee826f0c6d56bc073,
        type: 3}
      propertyPath: m_Tiles.Array.data[40].second.m_ColliderType
      value: 1
      objectReference: {fileID: 0}
    - target: {fileID: 4290695412078892572, guid: 162db497aee0645ee826f0c6d56bc073,
        type: 3}
      propertyPath: m_Tiles.Array.data[15].first.y
      value: -2
      objectReference: {fileID: 0}
    - target: {fileID: 4290695412078892572, guid: 162db497aee0645ee826f0c6d56bc073,
        type: 3}
      propertyPath: m_Tiles.Array.data[41].first.x
      value: 6
      objectReference: {fileID: 0}
    - target: {fileID: 4290695412078892572, guid: 162db497aee0645ee826f0c6d56bc073,
        type: 3}
      propertyPath: m_Tiles.Array.data[41].first.y
      value: 1
      objectReference: {fileID: 0}
    - target: {fileID: 4290695412078892572, guid: 162db497aee0645ee826f0c6d56bc073,
        type: 3}
      propertyPath: m_Tiles.Array.data[41].second.m_TileFlags
      value: 1
      objectReference: {fileID: 0}
    - target: {fileID: 4290695412078892572, guid: 162db497aee0645ee826f0c6d56bc073,
        type: 3}
      propertyPath: m_Tiles.Array.data[41].second.m_ColliderType
      value: 1
      objectReference: {fileID: 0}
    m_RemovedComponents: []
  m_SourcePrefab: {fileID: 100100000, guid: 162db497aee0645ee826f0c6d56bc073, type: 3}
--- !u!4 &4043906643418137597 stripped
Transform:
  m_CorrespondingSourceObject: {fileID: 4290695412564798454, guid: 162db497aee0645ee826f0c6d56bc073,
    type: 3}
  m_PrefabInstance: {fileID: 258195103059109899}
  m_PrefabAsset: {fileID: 0}
--- !u!1001 &4043906644596943316
PrefabInstance:
  m_ObjectHideFlags: 0
  serializedVersion: 2
  m_Modification:
    m_TransformParent: {fileID: 4043906644594832391}
    m_Modifications:
    - target: {fileID: 4290695412564798452, guid: 162db497aee0645ee826f0c6d56bc073,
        type: 3}
      propertyPath: m_Name
      value: Grid id0 right
      objectReference: {fileID: 0}
    - target: {fileID: 4290695412564798452, guid: 162db497aee0645ee826f0c6d56bc073,
        type: 3}
      propertyPath: m_StaticEditorFlags
      value: 4294967295
      objectReference: {fileID: 0}
    - target: {fileID: 4290695412564798454, guid: 162db497aee0645ee826f0c6d56bc073,
        type: 3}
      propertyPath: m_LocalPosition.x
      value: 57.97
      objectReference: {fileID: 0}
    - target: {fileID: 4290695412564798454, guid: 162db497aee0645ee826f0c6d56bc073,
        type: 3}
      propertyPath: m_LocalPosition.y
      value: 6.7
      objectReference: {fileID: 0}
    - target: {fileID: 4290695412564798454, guid: 162db497aee0645ee826f0c6d56bc073,
        type: 3}
      propertyPath: m_LocalPosition.z
      value: 0
      objectReference: {fileID: 0}
    - target: {fileID: 4290695412564798454, guid: 162db497aee0645ee826f0c6d56bc073,
        type: 3}
      propertyPath: m_LocalRotation.x
      value: -0
      objectReference: {fileID: 0}
    - target: {fileID: 4290695412564798454, guid: 162db497aee0645ee826f0c6d56bc073,
        type: 3}
      propertyPath: m_LocalRotation.y
      value: -0
      objectReference: {fileID: 0}
    - target: {fileID: 4290695412564798454, guid: 162db497aee0645ee826f0c6d56bc073,
        type: 3}
      propertyPath: m_LocalRotation.z
      value: -0
      objectReference: {fileID: 0}
    - target: {fileID: 4290695412564798454, guid: 162db497aee0645ee826f0c6d56bc073,
        type: 3}
      propertyPath: m_LocalRotation.w
      value: 1
      objectReference: {fileID: 0}
    - target: {fileID: 4290695412564798454, guid: 162db497aee0645ee826f0c6d56bc073,
        type: 3}
      propertyPath: m_RootOrder
      value: 1
      objectReference: {fileID: 0}
    - target: {fileID: 4290695412564798454, guid: 162db497aee0645ee826f0c6d56bc073,
        type: 3}
      propertyPath: m_LocalEulerAnglesHint.x
      value: 0
      objectReference: {fileID: 0}
    - target: {fileID: 4290695412564798454, guid: 162db497aee0645ee826f0c6d56bc073,
        type: 3}
      propertyPath: m_LocalEulerAnglesHint.y
      value: 0
      objectReference: {fileID: 0}
    - target: {fileID: 4290695412564798454, guid: 162db497aee0645ee826f0c6d56bc073,
        type: 3}
      propertyPath: m_LocalEulerAnglesHint.z
      value: 0
      objectReference: {fileID: 0}
    - target: {fileID: 4290695412564798454, guid: 162db497aee0645ee826f0c6d56bc073,
        type: 3}
      propertyPath: m_LocalScale.x
      value: -1
      objectReference: {fileID: 0}
    - target: {fileID: 4290695412078892547, guid: 162db497aee0645ee826f0c6d56bc073,
        type: 3}
      propertyPath: m_StaticEditorFlags
      value: 4294967295
      objectReference: {fileID: 0}
    m_RemovedComponents: []
  m_SourcePrefab: {fileID: 100100000, guid: 162db497aee0645ee826f0c6d56bc073, type: 3}
--- !u!4 &258195104279839266 stripped
Transform:
  m_CorrespondingSourceObject: {fileID: 4290695412564798454, guid: 162db497aee0645ee826f0c6d56bc073,
    type: 3}
  m_PrefabInstance: {fileID: 4043906644596943316}
  m_PrefabAsset: {fileID: 0}
